<?xml version="1.0" encoding="UTF-8"?><record xmlns="http://www.loc.gov/MARC21/slim" xmlns:cinclude="http://apache.org/cocoon/include/1.0" xmlns:zs="http://www.loc.gov/zing/srw/">
  <leader>00610cz  a2200157n  4500</leader>
  <controlfield tag="001">n  85051480 </controlfield>
  <controlfield tag="003">DLC</controlfield>
  <controlfield tag="005">20080710075810.0</controlfield>
  <controlfield tag="008">850318nc acannaabn          |a ana      </controlfield>
  <datafield tag="010" ind1=" " ind2=" ">
    <subfield code="a">n  85051480 </subfield>
  </datafield>
  <datafield tag="035" ind1=" " ind2=" ">
    <subfield code="a">(OCoLC)oca01283636</subfield>
  </datafield>
  <datafield tag="040" ind1=" " ind2=" ">
    <subfield code="a">DLC</subfield>
    <subfield code="b">eng</subfield>
    <subfield code="c">DLC</subfield>
    <subfield code="d">DLC</subfield>
    <subfield code="d">OCoLC</subfield>
  </datafield>
  <datafield tag="110" ind1="2" ind2=" ">
    <subfield code="a">Xi'an jiao tong da xue.</subfield>
    <subfield code="b">Ma Lie zhu yi jiao yan shi</subfield>
  </datafield>
  <datafield tag="410" ind1="2" ind2=" ">
    <subfield code="a">Xi'an jiao tong da xue Ma Lie zhu yi jiao yan shi</subfield>
  </datafield>
  <datafield tag="410" ind1="2" ind2=" ">
    <subfield code="w">nnea</subfield>
    <subfield code="a">Hsi-an chiao tʻung ta hsüeh.</subfield>
    <subfield code="b">Ma Lieh chu i chiao yen shih</subfield>
  </datafield>
  <datafield tag="670" ind1=" " ind2=" ">
    <subfield code="a">"Fan Tu-lin lun" chieh shuo. Che hsüeh pien, 1980:</subfield>
    <subfield code="b">t.p. (Hsi-an chiao tʻung ta hsüeh Ma Lieh chu i chiao yen shih)</subfield>
  </datafield>
</record>